<?xml version="1.0" encoding="UTF-8"?><collection xmlns="http://www.loc.gov/MARC21/slim"><record><leader>00343nam--2200133-i-4500</leader><controlfield tag="001">000004930</controlfield><controlfield tag="002">20161230</controlfield><controlfield tag="005">20170225103445</controlfield><controlfield tag="008">060222s1000------------r-----000-0-eng-d</controlfield><datafield ind1=" " ind2=" " tag="100"><subfield code="a">Cepinoga, O.P</subfield></datafield><datafield ind1=" " ind2=" " tag="245"><subfield code="a">Acizii nucleici si rolul lor biologic</subfield></datafield><datafield ind1=" " ind2=" " tag="260"><subfield code="a">Bucuresti</subfield><subfield code="b">Editura Medicala</subfield><subfield code="c">1958</subfield></datafield><datafield ind1=" " ind2=" " tag="300"><subfield code="a">207 p</subfield></datafield><datafield ind1=" " ind2=" " tag="CAT"><subfield code="a">SYS</subfield><subfield code="c">20170225</subfield><subfield code="h">103445</subfield></datafield></record></collection>